<?xml version="1.0" encoding="UTF-8"?><collection xmlns="http://www.loc.gov/MARC21/slim"><record><leader>00388nam--2200133-i-4500</leader><controlfield tag="001">000032690</controlfield><controlfield tag="002">20161230</controlfield><controlfield tag="005">20161230201039</controlfield><controlfield tag="008">060222s1000------------r-----000-0-eng-d</controlfield><datafield ind1=" " ind2=" " tag="245"><subfield code="a">Modern electroplating. 2nd edition</subfield></datafield><datafield ind1=" " ind2=" " tag="260"><subfield code="a">New York, London, John Wiley &amp; Sons, Inc., 1963, Xvi + 769p</subfield></datafield><datafield ind1=" " ind2=" " tag="490"><subfield code="a">The Electrochemical Society Series</subfield></datafield><datafield ind1=" " ind2=" " tag="700"><subfield code="a">Lowenheim, Frederick A</subfield></datafield><datafield ind1=" " ind2=" " tag="852"><subfield code="a">19708</subfield></datafield></record></collection>